@article{deliverable21,
  title={D2.1 Architecture and Prototype Specification},
  author={Henrik Arfwedson, Markus Burvall, Yasir Ali, Antonio Mora, Paloma de las Cuevas, Sergio Zamarripa, Jean-Marc Seigneur, Zardosht Hodaie}
}
